@inproceedings{Brattle:2021,
  title={The Benefit and Cost of Preserving the Option to Create a Meshed Offshore Grid for New York},
  author={Johannes P. Pfeifenberger, John Tsoukalis and Samuel A. Newell},
  pages={6, 7 and 12},
  year={2021},
  url = {https://www.brattle.com/wp-content/uploads/2021/12/The-Benefit-and-Cost-of-Preserving-the-Option-to-Create-a-Meshed-Offshore-Grid-for-New-York.pdf}
}


@inproceedings{GREAHLab:2013,
  title={Impact Analysis of Distributed Generation on Mesh and Radial distribution network. Overview and State of the art},
  author={Cristian Nichita, Ahmed Al-Ameri and Brayima Dakyo},
  pages={2},
  year={2013},
  url = {https://www.researchgate.net/publication/263653221_Impact_Analysis_of_Distributed_Generation_on_Mesh_and_Radial_distribution_network_Overview_and_State_of_the_art/references}
}